%% LaTeX2e file `thesis-bibtex-entries.bib'
%% generated by the `bibtex-entries' environment
%% from source `thesis' on 2022/06/20.
%%
@article{Simmons83,
   author={Simmons, Gustavus J.},
   title={The Prisoners' Problem And The Subliminal Channel},
   year=1983,
   pages={1-2}
}
